<collection xmlns="http://www.loc.gov/MARC21/slim"><record><leader>00667nam  2200193   450</leader><controlfield tag="001">704</controlfield><controlfield tag="003">http://montalegre.opacnet.com/OPAC/default.aspx?ContentAreaControl=ShowRegHoldings.ascx&amp;RegNo=16662</controlfield><datafield tag="095" ind1=" " ind2=" "><subfield code="a">PTBN00097309</subfield></datafield><datafield tag="100" ind1=" " ind2=" "><subfield code="a">19890503d1977    a  y0pory010305  ba</subfield></datafield><datafield tag="101" ind1="0" ind2=" "><subfield code="a">por</subfield></datafield><datafield tag="102" ind1=" " ind2=" "><subfield code="a">PT</subfield></datafield><datafield tag="200" ind1="1" ind2=" "><subfield code="a">&lt;O &gt;livro da comadre cegonha</subfield><subfield code="f">Patrícia Joyce</subfield><subfield code="g">il. José de Lemos</subfield><subfield code="g">pref. Domingos Monteiro</subfield></datafield><datafield tag="205" ind1=" " ind2=" "><subfield code="a">4ª ed</subfield></datafield><datafield tag="210" ind1=" " ind2=" "><subfield code="a">Lisboa</subfield><subfield code="c">Sociedade de Expansão Cultural</subfield><subfield code="d">imp. 1977</subfield></datafield><datafield tag="215" ind1=" " ind2=" "><subfield code="a">64, [1] p.</subfield><subfield code="c">il.</subfield><subfield code="d">24 cm</subfield></datafield><datafield tag="675" ind1=" " ind2=" "><subfield code="a">087.5</subfield><subfield code="v">med</subfield><subfield code="z">por</subfield></datafield><datafield tag="700" ind1=" " ind2="1"><subfield code="a">Joyce</subfield><subfield code="b">Patrícia</subfield><subfield code="c">pseud</subfield></datafield><datafield tag="801" ind1=" " ind2="0"><subfield code="a">PT</subfield><subfield code="b">Biblioteca Municipal de Montalegre</subfield><subfield code="g">RPC</subfield></datafield><datafield tag="856" ind1=" " ind2=" "><subfield code="u">locateMedia.asp?cod=20060526112208&amp;ext=jpg</subfield><subfield code="z">CAPA</subfield></datafield><datafield tag="909" ind1="&#9;" ind2=" "><subfield code="a">1</subfield></datafield><datafield tag="966" ind1=" " ind2=" "><subfield code="a">0001168</subfield><subfield code="l">BMM</subfield><subfield code="s">SI 82-93 JOY liv</subfield></datafield></record></collection>